%YAML 1.1
%TAG !u! tag:unity3d.com,2011:
--- !u!1001 &100100000
Prefab:
  m_ObjectHideFlags: 1
  serializedVersion: 2
  m_Modification:
    m_TransformParent: {fileID: 0}
    m_Modifications: []
    m_RemovedComponents: []
  m_ParentPrefab: {fileID: 0}
  m_RootGameObject: {fileID: 1727909113258458}
  m_IsPrefabParent: 1
--- !u!1 &1008116918479420
GameObject:
  m_ObjectHideFlags: 1
  m_PrefabParentObject: {fileID: 0}
  m_PrefabInternal: {fileID: 100100000}
  serializedVersion: 5
  m_Component:
  - component: {fileID: 4938531926673200}
  m_Layer: 0
  m_Name: mc_Ad_Left Shoulder
  m_TagString: Untagged
  m_Icon: {fileID: 0}
  m_NavMeshLayer: 0
  m_StaticEditorFlags: 0
  m_IsActive: 1
--- !u!1 &1040507079206060
GameObject:
  m_ObjectHideFlags: 1
  m_PrefabParentObject: {fileID: 0}
  m_PrefabInternal: {fileID: 100100000}
  serializedVersion: 5
  m_Component:
  - component: {fileID: 4931202578918444}
  m_Layer: 0
  m_Name: mc_Ad_lThumb3
  m_TagString: Untagged
  m_Icon: {fileID: 0}
  m_NavMeshLayer: 0
  m_StaticEditorFlags: 0
  m_IsActive: 1
--- !u!1 &1047048864645866
GameObject:
  m_ObjectHideFlags: 1
  m_PrefabParentObject: {fileID: 0}
  m_PrefabInternal: {fileID: 100100000}
  serializedVersion: 5
  m_Component:
  - component: {fileID: 4581508366725748}
  m_Layer: 0
  m_Name: mc_Ad_Neck
  m_TagString: Untagged
  m_Icon: {fileID: 0}
  m_NavMeshLayer: 0
  m_StaticEditorFlags: 0
  m_IsActive: 1
--- !u!1 &1059806157261202
GameObject:
  m_ObjectHideFlags: 1
  m_PrefabParentObject: {fileID: 0}
  m_PrefabInternal: {fileID: 100100000}
  serializedVersion: 5
  m_Component:
  - component: {fileID: 4855093362936538}
  m_Layer: 0
  m_Name: mc_Ad_Right Shin
  m_TagString: Untagged
  m_Icon: {fileID: 0}
  m_NavMeshLayer: 0
  m_StaticEditorFlags: 0
  m_IsActive: 1
--- !u!1 &1068947808149192
GameObject:
  m_ObjectHideFlags: 0
  m_PrefabParentObject: {fileID: 0}
  m_PrefabInternal: {fileID: 100100000}
  serializedVersion: 5
  m_Component:
  - component: {fileID: 4383650038751720}
  - component: {fileID: 82552128325950228}
  m_Layer: 0
  m_Name: Voice
  m_TagString: Untagged
  m_Icon: {fileID: 0}
  m_NavMeshLayer: 0
  m_StaticEditorFlags: 0
  m_IsActive: 1
--- !u!1 &1088642536158532
GameObject:
  m_ObjectHideFlags: 1
  m_PrefabParentObject: {fileID: 0}
  m_PrefabInternal: {fileID: 100100000}
  serializedVersion: 5
  m_Component:
  - component: {fileID: 4525874932734536}
  m_Layer: 0
  m_Name: mc_Ad_Abdomen
  m_TagString: Untagged
  m_Icon: {fileID: 0}
  m_NavMeshLayer: 0
  m_StaticEditorFlags: 0
  m_IsActive: 1
--- !u!1 &1098381791907426
GameObject:
  m_ObjectHideFlags: 1
  m_PrefabParentObject: {fileID: 0}
  m_PrefabInternal: {fileID: 100100000}
  serializedVersion: 5
  m_Component:
  - component: {fileID: 4949307087267330}
  m_Layer: 0
  m_Name: mc_Ad_Right Shoulder
  m_TagString: Untagged
  m_Icon: {fileID: 0}
  m_NavMeshLayer: 0
  m_StaticEditorFlags: 0
  m_IsActive: 1
--- !u!1 &1110182153348938
GameObject:
  m_ObjectHideFlags: 1
  m_PrefabParentObject: {fileID: 0}
  m_PrefabInternal: {fileID: 100100000}
  serializedVersion: 5
  m_Component:
  - component: {fileID: 4782715165002258}
  m_Layer: 0
  m_Name: mc_Ad_Hip
  m_TagString: Untagged
  m_Icon: {fileID: 0}
  m_NavMeshLayer: 0
  m_StaticEditorFlags: 0
  m_IsActive: 1
--- !u!1 &1112121441948064
GameObject:
  m_ObjectHideFlags: 1
  m_PrefabParentObject: {fileID: 0}
  m_PrefabInternal: {fileID: 100100000}
  serializedVersion: 5
  m_Component:
  - component: {fileID: 4097548997421538}
  m_Layer: 0
  m_Name: mc_Ad_rIndex3
  m_TagString: Untagged
  m_Icon: {fileID: 0}
  m_NavMeshLayer: 0
  m_StaticEditorFlags: 0
  m_IsActive: 1
--- !u!1 &1149127601764582
GameObject:
  m_ObjectHideFlags: 1
  m_PrefabParentObject: {fileID: 0}
  m_PrefabInternal: {fileID: 100100000}
  serializedVersion: 5
  m_Component:
  - component: {fileID: 4342269772835540}
  m_Layer: 0
  m_Name: mc_Ad_rMid2
  m_TagString: Untagged
  m_Icon: {fileID: 0}
  m_NavMeshLayer: 0
  m_StaticEditorFlags: 0
  m_IsActive: 1
--- !u!1 &1149704593308658
GameObject:
  m_ObjectHideFlags: 1
  m_PrefabParentObject: {fileID: 0}
  m_PrefabInternal: {fileID: 100100000}
  serializedVersion: 5
  m_Component:
  - component: {fileID: 4791323751217620}
  m_Layer: 0
  m_Name: mc_Ad_rRing2
  m_TagString: Untagged
  m_Icon: {fileID: 0}
  m_NavMeshLayer: 0
  m_StaticEditorFlags: 0
  m_IsActive: 1
--- !u!1 &1156157553355940
GameObject:
  m_ObjectHideFlags: 1
  m_PrefabParentObject: {fileID: 0}
  m_PrefabInternal: {fileID: 100100000}
  serializedVersion: 5
  m_Component:
  - component: {fileID: 4834385299494742}
  m_Layer: 0
  m_Name: mc_Ad_lMid2
  m_TagString: Untagged
  m_Icon: {fileID: 0}
  m_NavMeshLayer: 0
  m_StaticEditorFlags: 0
  m_IsActive: 1
--- !u!1 &1156309936378104
GameObject:
  m_ObjectHideFlags: 1
  m_PrefabParentObject: {fileID: 0}
  m_PrefabInternal: {fileID: 100100000}
  serializedVersion: 5
  m_Component:
  - component: {fileID: 4265840887761540}
  m_Layer: 0
  m_Name: mc_Ad_rRing1
  m_TagString: Untagged
  m_Icon: {fileID: 0}
  m_NavMeshLayer: 0
  m_StaticEditorFlags: 0
  m_IsActive: 1
--- !u!1 &1198219215154822
GameObject:
  m_ObjectHideFlags: 1
  m_PrefabParentObject: {fileID: 0}
  m_PrefabInternal: {fileID: 100100000}
  serializedVersion: 5
  m_Component:
  - component: {fileID: 4690351047820914}
  m_Layer: 0
  m_Name: mc_Ad_lToe
  m_TagString: Untagged
  m_Icon: {fileID: 0}
  m_NavMeshLayer: 0
  m_StaticEditorFlags: 0
  m_IsActive: 1
--- !u!1 &1267256363129224
GameObject:
  m_ObjectHideFlags: 1
  m_PrefabParentObject: {fileID: 0}
  m_PrefabInternal: {fileID: 100100000}
  serializedVersion: 5
  m_Component:
  - component: {fileID: 4269051980160132}
  m_Layer: 0
  m_Name: mc_Ad_lMid1
  m_TagString: Untagged
  m_Icon: {fileID: 0}
  m_NavMeshLayer: 0
  m_StaticEditorFlags: 0
  m_IsActive: 1
--- !u!1 &1298088683261016
GameObject:
  m_ObjectHideFlags: 1
  m_PrefabParentObject: {fileID: 0}
  m_PrefabInternal: {fileID: 100100000}
  serializedVersion: 5
  m_Component:
  - component: {fileID: 4025724775611180}
  m_Layer: 0
  m_Name: mc_Ad_rThumb1
  m_TagString: Untagged
  m_Icon: {fileID: 0}
  m_NavMeshLayer: 0
  m_StaticEditorFlags: 0
  m_IsActive: 1
--- !u!1 &1300231387526422
GameObject:
  m_ObjectHideFlags: 1
  m_PrefabParentObject: {fileID: 0}
  m_PrefabInternal: {fileID: 100100000}
  serializedVersion: 5
  m_Component:
  - component: {fileID: 4026711270553202}
  m_Layer: 0
  m_Name: mc_Ad_rThumb3
  m_TagString: Untagged
  m_Icon: {fileID: 0}
  m_NavMeshLayer: 0
  m_StaticEditorFlags: 0
  m_IsActive: 1
--- !u!1 &1300975116516244
GameObject:
  m_ObjectHideFlags: 1
  m_PrefabParentObject: {fileID: 0}
  m_PrefabInternal: {fileID: 100100000}
  serializedVersion: 5
  m_Component:
  - component: {fileID: 4849512802898026}
  m_Layer: 0
  m_Name: mc_Ad_rEye
  m_TagString: Untagged
  m_Icon: {fileID: 0}
  m_NavMeshLayer: 0
  m_StaticEditorFlags: 0
  m_IsActive: 1
--- !u!1 &1317912806599140
GameObject:
  m_ObjectHideFlags: 1
  m_PrefabParentObject: {fileID: 0}
  m_PrefabInternal: {fileID: 100100000}
  serializedVersion: 5
  m_Component:
  - component: {fileID: 4897969105558542}
  m_Layer: 0
  m_Name: mc_Ad_lPinky2
  m_TagString: Untagged
  m_Icon: {fileID: 0}
  m_NavMeshLayer: 0
  m_StaticEditorFlags: 0
  m_IsActive: 1
--- !u!1 &1343833431658744
GameObject:
  m_ObjectHideFlags: 1
  m_PrefabParentObject: {fileID: 0}
  m_PrefabInternal: {fileID: 100100000}
  serializedVersion: 5
  m_Component:
  - component: {fileID: 4050509649900184}
  m_Layer: 0
  m_Name: mc_Ad_tongueBase
  m_TagString: Untagged
  m_Icon: {fileID: 0}
  m_NavMeshLayer: 0
  m_StaticEditorFlags: 0
  m_IsActive: 1
--- !u!1 &1360636257611528
GameObject:
  m_ObjectHideFlags: 1
  m_PrefabParentObject: {fileID: 0}
  m_PrefabInternal: {fileID: 100100000}
  serializedVersion: 5
  m_Component:
  - component: {fileID: 4671813325485756}
  m_Layer: 0
  m_Name: mc_Ad_lRing1
  m_TagString: Untagged
  m_Icon: {fileID: 0}
  m_NavMeshLayer: 0
  m_StaticEditorFlags: 0
  m_IsActive: 1
--- !u!1 &1369700241901326
GameObject:
  m_ObjectHideFlags: 1
  m_PrefabParentObject: {fileID: 0}
  m_PrefabInternal: {fileID: 100100000}
  serializedVersion: 5
  m_Component:
  - component: {fileID: 4489662143125074}
  m_Layer: 0
  m_Name: mc_Ad_rMid3
  m_TagString: Untagged
  m_Icon: {fileID: 0}
  m_NavMeshLayer: 0
  m_StaticEditorFlags: 0
  m_IsActive: 1
--- !u!1 &1373541873452548
GameObject:
  m_ObjectHideFlags: 1
  m_PrefabParentObject: {fileID: 0}
  m_PrefabInternal: {fileID: 100100000}
  serializedVersion: 5
  m_Component:
  - component: {fileID: 4106110433536342}
  m_Layer: 0
  m_Name: mc_Ad_rIndex1
  m_TagString: Untagged
  m_Icon: {fileID: 0}
  m_NavMeshLayer: 0
  m_StaticEditorFlags: 0
  m_IsActive: 1
--- !u!1 &1380236234661364
GameObject:
  m_ObjectHideFlags: 1
  m_PrefabParentObject: {fileID: 0}
  m_PrefabInternal: {fileID: 100100000}
  serializedVersion: 5
  m_Component:
  - component: {fileID: 4532545609229736}
  m_Layer: 0
  m_Name: mc_Ad_lThumb1
  m_TagString: Untagged
  m_Icon: {fileID: 0}
  m_NavMeshLayer: 0
  m_StaticEditorFlags: 0
  m_IsActive: 1
--- !u!1 &1407963316018108
GameObject:
  m_ObjectHideFlags: 1
  m_PrefabParentObject: {fileID: 0}
  m_PrefabInternal: {fileID: 100100000}
  serializedVersion: 5
  m_Component:
  - component: {fileID: 4292148004124802}
  m_Layer: 0
  m_Name: mc_Ad_rRing3
  m_TagString: Untagged
  m_Icon: {fileID: 0}
  m_NavMeshLayer: 0
  m_StaticEditorFlags: 0
  m_IsActive: 1
--- !u!1 &1412278360406846
GameObject:
  m_ObjectHideFlags: 1
  m_PrefabParentObject: {fileID: 0}
  m_PrefabInternal: {fileID: 100100000}
  serializedVersion: 5
  m_Component:
  - component: {fileID: 4060664191789504}
  m_Layer: 0
  m_Name: mc_Ad_Right Foot
  m_TagString: Untagged
  m_Icon: {fileID: 0}
  m_NavMeshLayer: 0
  m_StaticEditorFlags: 0
  m_IsActive: 1
--- !u!1 &1413892815070216
GameObject:
  m_ObjectHideFlags: 1
  m_PrefabParentObject: {fileID: 0}
  m_PrefabInternal: {fileID: 100100000}
  serializedVersion: 5
  m_Component:
  - component: {fileID: 4812638886635492}
  m_Layer: 0
  m_Name: mc_Ad_rThumb2
  m_TagString: Untagged
  m_Icon: {fileID: 0}
  m_NavMeshLayer: 0
  m_StaticEditorFlags: 0
  m_IsActive: 1
--- !u!1 &1434991120044604
GameObject:
  m_ObjectHideFlags: 1
  m_PrefabParentObject: {fileID: 0}
  m_PrefabInternal: {fileID: 100100000}
  serializedVersion: 5
  m_Component:
  - component: {fileID: 4921256375259870}
  m_Layer: 0
  m_Name: mc_Ad_rMid1
  m_TagString: Untagged
  m_Icon: {fileID: 0}
  m_NavMeshLayer: 0
  m_StaticEditorFlags: 0
  m_IsActive: 1
--- !u!1 &1500450843532452
GameObject:
  m_ObjectHideFlags: 1
  m_PrefabParentObject: {fileID: 0}
  m_PrefabInternal: {fileID: 100100000}
  serializedVersion: 5
  m_Component:
  - component: {fileID: 4366390728075986}
  m_Layer: 0
  m_Name: mc_Ad_lEye
  m_TagString: Untagged
  m_Icon: {fileID: 0}
  m_NavMeshLayer: 0
  m_StaticEditorFlags: 0
  m_IsActive: 1
--- !u!1 &1503968982300778
GameObject:
  m_ObjectHideFlags: 1
  m_PrefabParentObject: {fileID: 0}
  m_PrefabInternal: {fileID: 100100000}
  serializedVersion: 5
  m_Component:
  - component: {fileID: 4564310799103342}
  m_Layer: 0
  m_Name: mc_Ad_lRing2
  m_TagString: Untagged
  m_Icon: {fileID: 0}
  m_NavMeshLayer: 0
  m_StaticEditorFlags: 0
  m_IsActive: 1
--- !u!1 &1511278530658664
GameObject:
  m_ObjectHideFlags: 1
  m_PrefabParentObject: {fileID: 0}
  m_PrefabInternal: {fileID: 100100000}
  serializedVersion: 5
  m_Component:
  - component: {fileID: 4063455738869954}
  m_Layer: 0
  m_Name: mc_Ad_Left Hand
  m_TagString: Untagged
  m_Icon: {fileID: 0}
  m_NavMeshLayer: 0
  m_StaticEditorFlags: 0
  m_IsActive: 1
--- !u!1 &1512455443832482
GameObject:
  m_ObjectHideFlags: 1
  m_PrefabParentObject: {fileID: 0}
  m_PrefabInternal: {fileID: 100100000}
  serializedVersion: 5
  m_Component:
  - component: {fileID: 4025164115985994}
  m_Layer: 0
  m_Name: mc_Ad_Left Thigh
  m_TagString: Untagged
  m_Icon: {fileID: 0}
  m_NavMeshLayer: 0
  m_StaticEditorFlags: 0
  m_IsActive: 1
--- !u!1 &1513999097470010
GameObject:
  m_ObjectHideFlags: 1
  m_PrefabParentObject: {fileID: 0}
  m_PrefabInternal: {fileID: 100100000}
  serializedVersion: 5
  m_Component:
  - component: {fileID: 4178159623240744}
  m_Layer: 0
  m_Name: mc_Ad_Right Hand
  m_TagString: Untagged
  m_Icon: {fileID: 0}
  m_NavMeshLayer: 0
  m_StaticEditorFlags: 0
  m_IsActive: 1
--- !u!1 &1516538744543734
GameObject:
  m_ObjectHideFlags: 1
  m_PrefabParentObject: {fileID: 0}
  m_PrefabInternal: {fileID: 100100000}
  serializedVersion: 5
  m_Component:
  - component: {fileID: 4427766640924744}
  m_Layer: 0
  m_Name: mc_Ad_lIndex2
  m_TagString: Untagged
  m_Icon: {fileID: 0}
  m_NavMeshLayer: 0
  m_StaticEditorFlags: 0
  m_IsActive: 1
--- !u!1 &1553838672916976
GameObject:
  m_ObjectHideFlags: 1
  m_PrefabParentObject: {fileID: 0}
  m_PrefabInternal: {fileID: 100100000}
  serializedVersion: 5
  m_Component:
  - component: {fileID: 4906170208198212}
  m_Layer: 0
  m_Name: mc_Ad_lIndex3
  m_TagString: Untagged
  m_Icon: {fileID: 0}
  m_NavMeshLayer: 0
  m_StaticEditorFlags: 0
  m_IsActive: 1
--- !u!1 &1555972480685654
GameObject:
  m_ObjectHideFlags: 1
  m_PrefabParentObject: {fileID: 0}
  m_PrefabInternal: {fileID: 100100000}
  serializedVersion: 5
  m_Component:
  - component: {fileID: 4993628262908034}
  m_Layer: 0
  m_Name: mc_Ad_rPinky1
  m_TagString: Untagged
  m_Icon: {fileID: 0}
  m_NavMeshLayer: 0
  m_StaticEditorFlags: 0
  m_IsActive: 1
--- !u!1 &1567138502541810
GameObject:
  m_ObjectHideFlags: 1
  m_PrefabParentObject: {fileID: 0}
  m_PrefabInternal: {fileID: 100100000}
  serializedVersion: 5
  m_Component:
  - component: {fileID: 4450542300817644}
  m_Layer: 0
  m_Name: mc_Ad_Right Thigh
  m_TagString: Untagged
  m_Icon: {fileID: 0}
  m_NavMeshLayer: 0
  m_StaticEditorFlags: 0
  m_IsActive: 1
--- !u!1 &1583159715373056
GameObject:
  m_ObjectHideFlags: 0
  m_PrefabParentObject: {fileID: 0}
  m_PrefabInternal: {fileID: 100100000}
  serializedVersion: 5
  m_Component:
  - component: {fileID: 4434511929532814}
  m_Layer: 0
  m_Name: FGC_Male_Char_Adam_Rig
  m_TagString: Untagged
  m_Icon: {fileID: 0}
  m_NavMeshLayer: 0
  m_StaticEditorFlags: 0
  m_IsActive: 1
--- !u!1 &1586958437785540
GameObject:
  m_ObjectHideFlags: 1
  m_PrefabParentObject: {fileID: 0}
  m_PrefabInternal: {fileID: 100100000}
  serializedVersion: 5
  m_Component:
  - component: {fileID: 4047674016215006}
  m_Layer: 0
  m_Name: mc_Ad_lThumb2
  m_TagString: Untagged
  m_Icon: {fileID: 0}
  m_NavMeshLayer: 0
  m_StaticEditorFlags: 0
  m_IsActive: 1
--- !u!1 &1606256818748194
GameObject:
  m_ObjectHideFlags: 1
  m_PrefabParentObject: {fileID: 0}
  m_PrefabInternal: {fileID: 100100000}
  serializedVersion: 5
  m_Component:
  - component: {fileID: 4016867924038428}
  m_Layer: 0
  m_Name: mc_Ad_tongue04
  m_TagString: Untagged
  m_Icon: {fileID: 0}
  m_NavMeshLayer: 0
  m_StaticEditorFlags: 0
  m_IsActive: 1
--- !u!1 &1619241970160338
GameObject:
  m_ObjectHideFlags: 1
  m_PrefabParentObject: {fileID: 0}
  m_PrefabInternal: {fileID: 100100000}
  serializedVersion: 5
  m_Component:
  - component: {fileID: 4222632082774492}
  m_Layer: 0
  m_Name: mc_Ad_tongue02
  m_TagString: Untagged
  m_Icon: {fileID: 0}
  m_NavMeshLayer: 0
  m_StaticEditorFlags: 0
  m_IsActive: 1
--- !u!1 &1624017527280830
GameObject:
  m_ObjectHideFlags: 1
  m_PrefabParentObject: {fileID: 0}
  m_PrefabInternal: {fileID: 100100000}
  serializedVersion: 5
  m_Component:
  - component: {fileID: 4439894970107858}
  m_Layer: 0
  m_Name: mc_Ad_lRing3
  m_TagString: Untagged
  m_Icon: {fileID: 0}
  m_NavMeshLayer: 0
  m_StaticEditorFlags: 0
  m_IsActive: 1
--- !u!1 &1630879235360830
GameObject:
  m_ObjectHideFlags: 1
  m_PrefabParentObject: {fileID: 0}
  m_PrefabInternal: {fileID: 100100000}
  serializedVersion: 5
  m_Component:
  - component: {fileID: 4481315125411950}
  m_Layer: 0
  m_Name: mc_Ad_Head
  m_TagString: Untagged
  m_Icon: {fileID: 0}
  m_NavMeshLayer: 0
  m_StaticEditorFlags: 0
  m_IsActive: 1
--- !u!1 &1634969687412950
GameObject:
  m_ObjectHideFlags: 1
  m_PrefabParentObject: {fileID: 0}
  m_PrefabInternal: {fileID: 100100000}
  serializedVersion: 5
  m_Component:
  - component: {fileID: 4328940207217544}
  m_Layer: 0
  m_Name: mc_Ad_Left Foot
  m_TagString: Untagged
  m_Icon: {fileID: 0}
  m_NavMeshLayer: 0
  m_StaticEditorFlags: 0
  m_IsActive: 1
--- !u!1 &1643783668816568
GameObject:
  m_ObjectHideFlags: 1
  m_PrefabParentObject: {fileID: 0}
  m_PrefabInternal: {fileID: 100100000}
  serializedVersion: 5
  m_Component:
  - component: {fileID: 4152648394151644}
  m_Layer: 0
  m_Name: mc_Ad_tongue05
  m_TagString: Untagged
  m_Icon: {fileID: 0}
  m_NavMeshLayer: 0
  m_StaticEditorFlags: 0
  m_IsActive: 1
--- !u!1 &1647941231183180
GameObject:
  m_ObjectHideFlags: 1
  m_PrefabParentObject: {fileID: 0}
  m_PrefabInternal: {fileID: 100100000}
  serializedVersion: 5
  m_Component:
  - component: {fileID: 4610979989117234}
  m_Layer: 0
  m_Name: mc_Ad_tongue01
  m_TagString: Untagged
  m_Icon: {fileID: 0}
  m_NavMeshLayer: 0
  m_StaticEditorFlags: 0
  m_IsActive: 1
--- !u!1 &1660092640353148
GameObject:
  m_ObjectHideFlags: 1
  m_PrefabParentObject: {fileID: 0}
  m_PrefabInternal: {fileID: 100100000}
  serializedVersion: 5
  m_Component:
  - component: {fileID: 4680554980668574}
  m_Layer: 0
  m_Name: mc_Ad_Left Collar
  m_TagString: Untagged
  m_Icon: {fileID: 0}
  m_NavMeshLayer: 0
  m_StaticEditorFlags: 0
  m_IsActive: 1
--- !u!1 &1727909113258458
GameObject:
  m_ObjectHideFlags: 0
  m_PrefabParentObject: {fileID: 0}
  m_PrefabInternal: {fileID: 100100000}
  serializedVersion: 5
  m_Component:
  - component: {fileID: 4289964667578194}
  - component: {fileID: 95003428022886446}
  - component: {fileID: 143549090628564312}
  - component: {fileID: 114493770167859780}
  - component: {fileID: 114843865872526648}
  - component: {fileID: 114137043861956832}
  - component: {fileID: 195683006412056122}
  - component: {fileID: 114990083102558104}
  m_Layer: 0
  m_Name: NPCAdam
  m_TagString: Untagged
  m_Icon: {fileID: 0}
  m_NavMeshLayer: 0
  m_StaticEditorFlags: 0
  m_IsActive: 1
--- !u!1 &1739651922770432
GameObject:
  m_ObjectHideFlags: 1
  m_PrefabParentObject: {fileID: 0}
  m_PrefabInternal: {fileID: 100100000}
  serializedVersion: 5
  m_Component:
  - component: {fileID: 4609851119207238}
  m_Layer: 0
  m_Name: mc_Ad_upperJaw
  m_TagString: Untagged
  m_Icon: {fileID: 0}
  m_NavMeshLayer: 0
  m_StaticEditorFlags: 0
  m_IsActive: 1
--- !u!1 &1776652072753928
GameObject:
  m_ObjectHideFlags: 1
  m_PrefabParentObject: {fileID: 0}
  m_PrefabInternal: {fileID: 100100000}
  serializedVersion: 5
  m_Component:
  - component: {fileID: 4125018155405360}
  m_Layer: 0
  m_Name: mc_Ad_Right Forearm
  m_TagString: Untagged
  m_Icon: {fileID: 0}
  m_NavMeshLayer: 0
  m_StaticEditorFlags: 0
  m_IsActive: 1
--- !u!1 &1800900347411142
GameObject:
  m_ObjectHideFlags: 1
  m_PrefabParentObject: {fileID: 0}
  m_PrefabInternal: {fileID: 100100000}
  serializedVersion: 5
  m_Component:
  - component: {fileID: 4935433027337658}
  m_Layer: 0
  m_Name: mc_Ad_rIndex2
  m_TagString: Untagged
  m_Icon: {fileID: 0}
  m_NavMeshLayer: 0
  m_StaticEditorFlags: 0
  m_IsActive: 1
--- !u!1 &1808562599441990
GameObject:
  m_ObjectHideFlags: 1
  m_PrefabParentObject: {fileID: 0}
  m_PrefabInternal: {fileID: 100100000}
  serializedVersion: 5
  m_Component:
  - component: {fileID: 4802598159117136}
  m_Layer: 0
  m_Name: mc_Ad_lowerJaw
  m_TagString: Untagged
  m_Icon: {fileID: 0}
  m_NavMeshLayer: 0
  m_StaticEditorFlags: 0
  m_IsActive: 1
--- !u!1 &1816659032822546
GameObject:
  m_ObjectHideFlags: 1
  m_PrefabParentObject: {fileID: 0}
  m_PrefabInternal: {fileID: 100100000}
  serializedVersion: 5
  m_Component:
  - component: {fileID: 4102408076487842}
  m_Layer: 0
  m_Name: mc_Ad_rToe
  m_TagString: Untagged
  m_Icon: {fileID: 0}
  m_NavMeshLayer: 0
  m_StaticEditorFlags: 0
  m_IsActive: 1
--- !u!1 &1837616510550364
GameObject:
  m_ObjectHideFlags: 1
  m_PrefabParentObject: {fileID: 0}
  m_PrefabInternal: {fileID: 100100000}
  serializedVersion: 5
  m_Component:
  - component: {fileID: 4587241202733658}
  m_Layer: 0
  m_Name: mc_Ad_tongueTip
  m_TagString: Untagged
  m_Icon: {fileID: 0}
  m_NavMeshLayer: 0
  m_StaticEditorFlags: 0
  m_IsActive: 1
--- !u!1 &1849359295350880
GameObject:
  m_ObjectHideFlags: 1
  m_PrefabParentObject: {fileID: 0}
  m_PrefabInternal: {fileID: 100100000}
  serializedVersion: 5
  m_Component:
  - component: {fileID: 4338726975176900}
  m_Layer: 0
  m_Name: mc_Ad_lPinky1
  m_TagString: Untagged
  m_Icon: {fileID: 0}
  m_NavMeshLayer: 0
  m_StaticEditorFlags: 0
  m_IsActive: 1
--- !u!1 &1854666029544506
GameObject:
  m_ObjectHideFlags: 1
  m_PrefabParentObject: {fileID: 0}
  m_PrefabInternal: {fileID: 100100000}
  serializedVersion: 5
  m_Component:
  - component: {fileID: 4318555254382826}
  m_Layer: 0
  m_Name: mc_Ad_tongue03
  m_TagString: Untagged
  m_Icon: {fileID: 0}
  m_NavMeshLayer: 0
  m_StaticEditorFlags: 0
  m_IsActive: 1
--- !u!1 &1858099753881170
GameObject:
  m_ObjectHideFlags: 1
  m_PrefabParentObject: {fileID: 0}
  m_PrefabInternal: {fileID: 100100000}
  serializedVersion: 5
  m_Component:
  - component: {fileID: 4469657612528808}
  m_Layer: 0
  m_Name: mc_Ad_Left Shin
  m_TagString: Untagged
  m_Icon: {fileID: 0}
  m_NavMeshLayer: 0
  m_StaticEditorFlags: 0
  m_IsActive: 1
--- !u!1 &1858113544301210
GameObject:
  m_ObjectHideFlags: 1
  m_PrefabParentObject: {fileID: 0}
  m_PrefabInternal: {fileID: 100100000}
  serializedVersion: 5
  m_Component:
  - component: {fileID: 4995099796721420}
  m_Layer: 0
  m_Name: mc_Ad_lIndex1
  m_TagString: Untagged
  m_Icon: {fileID: 0}
  m_NavMeshLayer: 0
  m_StaticEditorFlags: 0
  m_IsActive: 1
--- !u!1 &1864106669692204
GameObject:
  m_ObjectHideFlags: 1
  m_PrefabParentObject: {fileID: 0}
  m_PrefabInternal: {fileID: 100100000}
  serializedVersion: 5
  m_Component:
  - component: {fileID: 4235162970610936}
  m_Layer: 0
  m_Name: mc_Ad_Left Forearm
  m_TagString: Untagged
  m_Icon: {fileID: 0}
  m_NavMeshLayer: 0
  m_StaticEditorFlags: 0
  m_IsActive: 1
--- !u!1 &1880996127315574
GameObject:
  m_ObjectHideFlags: 1
  m_PrefabParentObject: {fileID: 0}
  m_PrefabInternal: {fileID: 100100000}
  serializedVersion: 5
  m_Component:
  - component: {fileID: 4471567556456380}
  m_Layer: 0
  m_Name: mc_Ad_lPinky3
  m_TagString: Untagged
  m_Icon: {fileID: 0}
  m_NavMeshLayer: 0
  m_StaticEditorFlags: 0
  m_IsActive: 1
--- !u!1 &1883118730505870
GameObject:
  m_ObjectHideFlags: 1
  m_PrefabParentObject: {fileID: 0}
  m_PrefabInternal: {fileID: 100100000}
  serializedVersion: 5
  m_Component:
  - component: {fileID: 4054626582268556}
  m_Layer: 0
  m_Name: mc_Ad_rPinky2
  m_TagString: Untagged
  m_Icon: {fileID: 0}
  m_NavMeshLayer: 0
  m_StaticEditorFlags: 0
  m_IsActive: 1
--- !u!1 &1901692321569344
GameObject:
  m_ObjectHideFlags: 1
  m_PrefabParentObject: {fileID: 0}
  m_PrefabInternal: {fileID: 100100000}
  serializedVersion: 5
  m_Component:
  - component: {fileID: 4700105370551610}
  m_Layer: 0
  m_Name: mc_Ad_rPinky3
  m_TagString: Untagged
  m_Icon: {fileID: 0}
  m_NavMeshLayer: 0
  m_StaticEditorFlags: 0
  m_IsActive: 1
--- !u!1 &1902568183298174
GameObject:
  m_ObjectHideFlags: 1
  m_PrefabParentObject: {fileID: 0}
  m_PrefabInternal: {fileID: 100100000}
  serializedVersion: 5
  m_Component:
  - component: {fileID: 4242342426007306}
  m_Layer: 0
  m_Name: mc_Ad_Right Collar
  m_TagString: Untagged
  m_Icon: {fileID: 0}
  m_NavMeshLayer: 0
  m_StaticEditorFlags: 0
  m_IsActive: 1
--- !u!1 &1922677983470088
GameObject:
  m_ObjectHideFlags: 1
  m_PrefabParentObject: {fileID: 0}
  m_PrefabInternal: {fileID: 100100000}
  serializedVersion: 5
  m_Component:
  - component: {fileID: 4939025499089790}
  m_Layer: 0
  m_Name: mc_Ad_lMid3
  m_TagString: Untagged
  m_Icon: {fileID: 0}
  m_NavMeshLayer: 0
  m_StaticEditorFlags: 0
  m_IsActive: 1
--- !u!1 &1952120057139328
GameObject:
  m_ObjectHideFlags: 0
  m_PrefabParentObject: {fileID: 0}
  m_PrefabInternal: {fileID: 100100000}
  serializedVersion: 5
  m_Component:
  - component: {fileID: 4026676875129138}
  - component: {fileID: 137668814810873372}
  m_Layer: 0
  m_Name: FGC_Male_Char_Adam_Skin
  m_TagString: Untagged
  m_Icon: {fileID: 0}
  m_NavMeshLayer: 0
  m_StaticEditorFlags: 0
  m_IsActive: 1
--- !u!1 &1972211486890840
GameObject:
  m_ObjectHideFlags: 1
  m_PrefabParentObject: {fileID: 0}
  m_PrefabInternal: {fileID: 100100000}
  serializedVersion: 5
  m_Component:
  - component: {fileID: 4042356061314248}
  m_Layer: 0
  m_Name: mc_Ad_Chest
  m_TagString: Untagged
  m_Icon: {fileID: 0}
  m_NavMeshLayer: 0
  m_StaticEditorFlags: 0
  m_IsActive: 1
--- !u!4 &4016867924038428
Transform:
  m_ObjectHideFlags: 1
  m_PrefabParentObject: {fileID: 0}
  m_PrefabInternal: {fileID: 100100000}
  m_GameObject: {fileID: 1606256818748194}
  m_LocalRotation: {x: -0.12186934, y: 0.000007369342, z: 0.000017962377, w: 0.99254614}
  m_LocalPosition: {x: 0.00000041662713, y: 0.0058601378, z: 0.0069234036}
  m_LocalScale: {x: 1, y: 1, z: 1}
  m_Children:
  - {fileID: 4152648394151644}
  m_Father: {fileID: 4318555254382826}
  m_RootOrder: 0
  m_LocalEulerAnglesHint: {x: 0, y: 0, z: 0}
--- !u!4 &4025164115985994
Transform:
  m_ObjectHideFlags: 1
  m_PrefabParentObject: {fileID: 0}
  m_PrefabInternal: {fileID: 100100000}
  m_GameObject: {fileID: 1512455443832482}
  m_LocalRotation: {x: -0.0018722827, y: -0.017561616, z: -0.030727506, w: 0.99937177}
  m_LocalPosition: {x: -0.10363024, y: -0.02541748, z: 0.0011496615}
  m_LocalScale: {x: 1, y: 1, z: 1}
  m_Children:
  - {fileID: 4469657612528808}
  m_Father: {fileID: 4782715165002258}
  m_RootOrder: 1
  m_LocalEulerAnglesHint: {x: 0, y: 0, z: 0}
--- !u!4 &4025724775611180
Transform:
  m_ObjectHideFlags: 1
  m_PrefabParentObject: {fileID: 0}
  m_PrefabInternal: {fileID: 100100000}
  m_GameObject: {fileID: 1298088683261016}
  m_LocalRotation: {x: -3.775734e-17, y: -6.038147e-35, z: 1.5991982e-18, w: 1}
  m_LocalPosition: {x: -0.0043714903, y: -0.0017529296, z: 0.031403378}
  m_LocalScale: {x: 1, y: 1, z: 1}
  m_Children:
  - {fileID: 4812638886635492}
  m_Father: {fileID: 4178159623240744}
  m_RootOrder: 4
  m_LocalEulerAnglesHint: {x: 0, y: 0, z: 0}
--- !u!4 &4026676875129138
Transform:
  m_ObjectHideFlags: 1
  m_PrefabParentObject: {fileID: 0}
  m_PrefabInternal: {fileID: 100100000}
  m_GameObject: {fileID: 1952120057139328}
  m_LocalRotation: {x: 0, y: 0, z: 0, w: 1}
  m_LocalPosition: {x: 0, y: 0, z: 0}
  m_LocalScale: {x: 1, y: 1, z: 1}
  m_Children: []
  m_Father: {fileID: 4289964667578194}
  m_RootOrder: 1
  m_LocalEulerAnglesHint: {x: 0, y: 0, z: 0}
--- !u!4 &4026711270553202
Transform:
  m_ObjectHideFlags: 1
  m_PrefabParentObject: {fileID: 0}
  m_PrefabInternal: {fileID: 100100000}
  m_GameObject: {fileID: 1300231387526422}
  m_LocalRotation: {x: 8.326673e-17, y: -1.3183898e-16, z: -1.6653345e-16, w: 1}
  m_LocalPosition: {x: 0.024638977, y: -0.015424041, z: 0.016257152}
  m_LocalScale: {x: 1, y: 1, z: 1}
  m_Children: []
  m_Father: {fileID: 4812638886635492}
  m_RootOrder: 0
  m_LocalEulerAnglesHint: {x: 0, y: 0, z: 0}
--- !u!4 &4042356061314248
Transform:
  m_ObjectHideFlags: 1
  m_PrefabParentObject: {fileID: 0}
  m_PrefabInternal: {fileID: 100100000}
  m_GameObject: {fileID: 1972211486890840}
  m_LocalRotation: {x: -3.469447e-17, y: 2.1142736e-21, z: -1.4006787e-20, w: 1}
  m_LocalPosition: {x: -0, y: 0.16514069, z: -0.021232368}
  m_LocalScale: {x: 1, y: 1, z: 1}
  m_Children:
  - {fileID: 4680554980668574}
  - {fileID: 4581508366725748}
  - {fileID: 4242342426007306}
  m_Father: {fileID: 4525874932734536}
  m_RootOrder: 0
  m_LocalEulerAnglesHint: {x: 0, y: 0, z: 0}
--- !u!4 &4047674016215006
Transform:
  m_ObjectHideFlags: 1
  m_PrefabParentObject: {fileID: 0}
  m_PrefabInternal: {fileID: 100100000}
  m_GameObject: {fileID: 1586958437785540}
  m_LocalRotation: {x: -2.4980018e-16, y: -3.469447e-17, z: -2.7755576e-16, w: 1}
  m_LocalPosition: {x: -0.025962448, y: -0.013553314, z: 0.045182724}
  m_LocalScale: {x: 1, y: 1, z: 1}
  m_Children:
  - {fileID: 4931202578918444}
  m_Father: {fileID: 4532545609229736}
  m_RootOrder: 0
  m_LocalEulerAnglesHint: {x: 0, y: 0, z: 0}
--- !u!4 &4050509649900184
Transform:
  m_ObjectHideFlags: 1
  m_PrefabParentObject: {fileID: 0}
  m_PrefabInternal: {fileID: 100100000}
  m_GameObject: {fileID: 1343833431658744}
  m_LocalRotation: {x: 0, y: 0, z: -4.3368087e-18, w: 1}
  m_LocalPosition: {x: -0.00010919029, y: -0.05310928, z: 0.04092265}
  m_LocalScale: {x: 1, y: 1, z: 1}
  m_Children:
  - {fileID: 4610979989117234}
  m_Father: {fileID: 4802598159117136}
  m_RootOrder: 0
  m_LocalEulerAnglesHint: {x: 0, y: 0, z: 0}
--- !u!4 &4054626582268556
Transform:
  m_ObjectHideFlags: 1
  m_PrefabParentObject: {fileID: 0}
  m_PrefabInternal: {fileID: 100100000}
  m_GameObject: {fileID: 1883118730505870}
  m_LocalRotation: {x: -8.326673e-17, y: -1.8735014e-16, z: -1.07552856e-16, w: 1}
  m_LocalPosition: {x: 0.026236113, y: -0.015773315, z: 0.0038803339}
  m_LocalScale: {x: 1, y: 1, z: 1}
  m_Children:
  - {fileID: 4700105370551610}
  m_Father: {fileID: 4993628262908034}
  m_RootOrder: 0
  m_LocalEulerAnglesHint: {x: 0, y: 0, z: 0}
--- !u!4 &4060664191789504
Transform:
  m_ObjectHideFlags: 1
  m_PrefabParentObject: {fileID: 0}
  m_PrefabInternal: {fileID: 100100000}
  m_GameObject: {fileID: 1412278360406846}
  m_LocalRotation: {x: -0.2111461, y: -0.04797505, z: 0.06854146, w: 0.9738675}
  m_LocalPosition: {x: -0.0110644195, y: -0.41252655, z: -0.031907957}
  m_LocalScale: {x: 1, y: 1, z: 1}
  m_Children:
  - {fileID: 4102408076487842}
  m_Father: {fileID: 4855093362936538}
  m_RootOrder: 0
  m_LocalEulerAnglesHint: {x: 0, y: 0, z: 0}
--- !u!4 &4063455738869954
Transform:
  m_ObjectHideFlags: 1
  m_PrefabParentObject: {fileID: 0}
  m_PrefabInternal: {fileID: 100100000}
  m_GameObject: {fileID: 1511278530658664}
  m_LocalRotation: {x: 8.673617e-18, y: 2.7755576e-17, z: 8.023096e-18, w: 1}
  m_LocalPosition: {x: -0.23843949, y: -0.0063177487, z: 0.086444214}
  m_LocalScale: {x: 1, y: 1, z: 1}
  m_Children:
  - {fileID: 4995099796721420}
  - {fileID: 4269051980160132}
  - {fileID: 4338726975176900}
  - {fileID: 4671813325485756}
  - {fileID: 4532545609229736}
  m_Father: {fileID: 4235162970610936}
  m_RootOrder: 0
  m_LocalEulerAnglesHint: {x: 0, y: 0, z: 0}
--- !u!4 &4097548997421538
Transform:
  m_ObjectHideFlags: 1
  m_PrefabParentObject: {fileID: 0}
  m_PrefabInternal: {fileID: 100100000}
  m_GameObject: {fileID: 1112121441948064}
  m_LocalRotation: {x: 1.9428903e-16, y: -6.661338e-16, z: -4.1980308e-16, w: 1}
  m_LocalPosition: {x: 0.015435943, y: -0.02123001, z: 0.009974489}
  m_LocalScale: {x: 1, y: 1, z: 1}
  m_Children: []
  m_Father: {fileID: 4935433027337658}
  m_RootOrder: 0
  m_LocalEulerAnglesHint: {x: 0, y: 0, z: 0}
--- !u!4 &4102408076487842
Transform:
  m_ObjectHideFlags: 1
  m_PrefabParentObject: {fileID: 0}
  m_PrefabInternal: {fileID: 100100000}
  m_GameObject: {fileID: 1816659032822546}
  m_LocalRotation: {x: 0.022903796, y: -0.0021693052, z: -0.0124877095, w: 0.99965733}
  m_LocalPosition: {x: 0.028089475, y: -0.11786606, z: 0.10446562}
  m_LocalScale: {x: 1, y: 1, z: 1}
  m_Children: []
  m_Father: {fileID: 4060664191789504}
  m_RootOrder: 0
  m_LocalEulerAnglesHint: {x: 0, y: 0, z: 0}
--- !u!4 &4106110433536342
Transform:
  m_ObjectHideFlags: 1
  m_PrefabParentObject: {fileID: 0}
  m_PrefabInternal: {fileID: 100100000}
  m_GameObject: {fileID: 1373541873452548}
  m_LocalRotation: {x: -9.7144515e-17, y: -8.326673e-17, z: -9.8011876e-17, w: 1}
  m_LocalPosition: {x: 0.065537184, y: 0.014046325, z: 0.059923876}
  m_LocalScale: {x: 1, y: 1, z: 1}
  m_Children:
  - {fileID: 4935433027337658}
  m_Father: {fileID: 4178159623240744}
  m_RootOrder: 0
  m_LocalEulerAnglesHint: {x: 0, y: 0, z: 0}
--- !u!4 &4125018155405360
Transform:
  m_ObjectHideFlags: 1
  m_PrefabParentObject: {fileID: 0}
  m_PrefabInternal: {fileID: 100100000}
  m_GameObject: {fileID: 1776652072753928}
  m_LocalRotation: {x: -3.3556057e-17, y: 1.9428903e-16, z: 1.6805134e-18, w: 1}
  m_LocalPosition: {x: 0.28042206, y: -0.0049873353, z: 0.015340458}
  m_LocalScale: {x: 1, y: 1, z: 1}
  m_Children:
  - {fileID: 4178159623240744}
  m_Father: {fileID: 4949307087267330}
  m_RootOrder: 0
  m_LocalEulerAnglesHint: {x: 0, y: 0, z: 0}
--- !u!4 &4152648394151644
Transform:
  m_ObjectHideFlags: 1
  m_PrefabParentObject: {fileID: 0}
  m_PrefabInternal: {fileID: 100100000}
  m_GameObject: {fileID: 1643783668816568}
  m_LocalRotation: {x: -3.8857806e-16, y: 7.3183647e-19, z: -3.9979955e-18, w: 1}
  m_LocalPosition: {x: 0.00000073038973, y: 0.0034820556, z: 0.0035276413}
  m_LocalScale: {x: 1, y: 1, z: 1}
  m_Children:
  - {fileID: 4587241202733658}
  m_Father: {fileID: 4016867924038428}
  m_RootOrder: 0
  m_LocalEulerAnglesHint: {x: 0, y: 0, z: 0}
--- !u!4 &4178159623240744
Transform:
  m_ObjectHideFlags: 1
  m_PrefabParentObject: {fileID: 0}
  m_PrefabInternal: {fileID: 100100000}
  m_GameObject: {fileID: 1513999097470010}
  m_LocalRotation: {x: -3.2092384e-17, y: -2.7755576e-17, z: -1.517883e-18, w: 1}
  m_LocalPosition: {x: 0.23843949, y: -0.0063177487, z: 0.086444214}
  m_LocalScale: {x: 1, y: 1, z: 1}
  m_Children:
  - {fileID: 4106110433536342}
  - {fileID: 4921256375259870}
  - {fileID: 4993628262908034}
  - {fileID: 4265840887761540}
  - {fileID: 4025724775611180}
  m_Father: {fileID: 4125018155405360}
  m_RootOrder: 0
  m_LocalEulerAnglesHint: {x: 0, y: 0, z: 0}
--- !u!4 &4222632082774492
Transform:
  m_ObjectHideFlags: 1
  m_PrefabParentObject: {fileID: 0}
  m_PrefabInternal: {fileID: 100100000}
  m_GameObject: {fileID: 1619241970160338}
  m_LocalRotation: {x: 0.14780942, y: -0.000004632064, z: -0.000010485541, w: 0.9890159}
  m_LocalPosition: {x: 0.000001955973, y: 0.007532806, z: 0.0053682495}
  m_LocalScale: {x: 1, y: 1, z: 1}
  m_Children:
  - {fileID: 4318555254382826}
  m_Father: {fileID: 4610979989117234}
  m_RootOrder: 0
  m_LocalEulerAnglesHint: {x: 0, y: 0, z: 0}
--- !u!4 &4235162970610936
Transform:
  m_ObjectHideFlags: 1
  m_PrefabParentObject: {fileID: 0}
  m_PrefabInternal: {fileID: 100100000}
  m_GameObject: {fileID: 1864106669692204}
  m_LocalRotation: {x: 3.957338e-18, y: -1.6653345e-16, z: -3.577867e-18, w: 1}
  m_LocalPosition: {x: -0.28042206, y: -0.0049873353, z: 0.015340458}
  m_LocalScale: {x: 1, y: 1, z: 1}
  m_Children:
  - {fileID: 4063455738869954}
  m_Father: {fileID: 4938531926673200}
  m_RootOrder: 0
  m_LocalEulerAnglesHint: {x: 0, y: 0, z: 0}
--- !u!4 &4242342426007306
Transform:
  m_ObjectHideFlags: 1
  m_PrefabParentObject: {fileID: 0}
  m_PrefabInternal: {fileID: 100100000}
  m_GameObject: {fileID: 1902568183298174}
  m_LocalRotation: {x: -3.5995512e-17, y: -2.6020852e-17, z: 8.059476e-17, w: 1}
  m_LocalPosition: {x: 0.037109695, y: 0.1878521, z: -0.0377311}
  m_LocalScale: {x: 1, y: 1, z: 1}
  m_Children:
  - {fileID: 4949307087267330}
  m_Father: {fileID: 4042356061314248}
  m_RootOrder: 2
  m_LocalEulerAnglesHint: {x: 0, y: 0, z: 0}
--- !u!4 &4265840887761540
Transform:
  m_ObjectHideFlags: 1
  m_PrefabParentObject: {fileID: 0}
  m_PrefabInternal: {fileID: 100100000}
  m_GameObject: {fileID: 1156309936378104}
  m_LocalRotation: {x: -4.1633363e-17, y: -4.1633363e-17, z: -1.2143064e-16, w: 1}
  m_LocalPosition: {x: 0.086276546, y: 0.004972992, z: 0.01482397}
  m_LocalScale: {x: 1, y: 1, z: 1}
  m_Children:
  - {fileID: 4791323751217620}
  m_Father: {fileID: 4178159623240744}
  m_RootOrder: 3
  m_LocalEulerAnglesHint: {x: 0, y: 0, z: 0}
--- !u!4 &4269051980160132
Transform:
  m_ObjectHideFlags: 1
  m_PrefabParentObject: {fileID: 0}
  m_PrefabInternal: {fileID: 100100000}
  m_GameObject: {fileID: 1267256363129224}
  m_LocalRotation: {x: -1.6653345e-16, y: -2.7755576e-16, z: 1.5265567e-16, w: 1}
  m_LocalPosition: {x: -0.07956474, y: 0.012758331, z: 0.037833013}
  m_LocalScale: {x: 1, y: 1, z: 1}
  m_Children:
  - {fileID: 4834385299494742}
  m_Father: {fileID: 4063455738869954}
  m_RootOrder: 1
  m_LocalEulerAnglesHint: {x: 0, y: 0, z: 0}
--- !u!4 &4289964667578194
Transform:
  m_ObjectHideFlags: 1
  m_PrefabParentObject: {fileID: 0}
  m_PrefabInternal: {fileID: 100100000}
  m_GameObject: {fileID: 1727909113258458}
  m_LocalRotation: {x: 0, y: 1, z: 0, w: 0}
  m_LocalPosition: {x: 5, y: 0, z: 5}
  m_LocalScale: {x: 1, y: 1, z: 1}
  m_Children:
  - {fileID: 4434511929532814}
  - {fileID: 4026676875129138}
  - {fileID: 4383650038751720}
  m_Father: {fileID: 0}
  m_RootOrder: 0
  m_LocalEulerAnglesHint: {x: 0, y: 180, z: 0}
--- !u!4 &4292148004124802
Transform:
  m_ObjectHideFlags: 1
  m_PrefabParentObject: {fileID: 0}
  m_PrefabInternal: {fileID: 100100000}
  m_GameObject: {fileID: 1407963316018108}
  m_LocalRotation: {x: 1.3877788e-16, y: -1.3877788e-17, z: -6.2450045e-17, w: 1}
  m_LocalPosition: {x: 0.017615814, y: -0.024061127, z: 0.0099997325}
  m_LocalScale: {x: 1, y: 1, z: 1}
  m_Children: []
  m_Father: {fileID: 4791323751217620}
  m_RootOrder: 0
  m_LocalEulerAnglesHint: {x: 0, y: 0, z: 0}
--- !u!4 &4318555254382826
Transform:
  m_ObjectHideFlags: 1
  m_PrefabParentObject: {fileID: 0}
  m_PrefabInternal: {fileID: 100100000}
  m_GameObject: {fileID: 1854666029544506}
  m_LocalRotation: {x: 0.052335955, y: -0.00000088076666, z: -0.0000024039227, w: 0.9986295}
  m_LocalPosition: {x: 0.0000007039681, y: 0.0073345946, z: 0.0066827675}
  m_LocalScale: {x: 1, y: 1, z: 1}
  m_Children:
  - {fileID: 4016867924038428}
  m_Father: {fileID: 4222632082774492}
  m_RootOrder: 0
  m_LocalEulerAnglesHint: {x: 0, y: 0, z: 0}
--- !u!4 &4328940207217544
Transform:
  m_ObjectHideFlags: 1
  m_PrefabParentObject: {fileID: 0}
  m_PrefabInternal: {fileID: 100100000}
  m_GameObject: {fileID: 1634969687412950}
  m_LocalRotation: {x: -0.2112105, y: 0.04797069, z: -0.0685657, w: 0.973852}
  m_LocalPosition: {x: 0.0110644195, y: -0.41252655, z: -0.031907957}
  m_LocalScale: {x: 1, y: 1, z: 1}
  m_Children:
  - {fileID: 4690351047820914}
  m_Father: {fileID: 4469657612528808}
  m_RootOrder: 0
  m_LocalEulerAnglesHint: {x: 0, y: 0, z: 0}
--- !u!4 &4338726975176900
Transform:
  m_ObjectHideFlags: 1
  m_PrefabParentObject: {fileID: 0}
  m_PrefabInternal: {fileID: 100100000}
  m_GameObject: {fileID: 1849359295350880}
  m_LocalRotation: {x: -5.551115e-17, y: -3.469447e-17, z: -5.551115e-17, w: 1}
  m_LocalPosition: {x: -0.084938884, y: -0.006917114, z: -0.0059625194}
  m_LocalScale: {x: 1, y: 1, z: 1}
  m_Children:
  - {fileID: 4897969105558542}
  m_Father: {fileID: 4063455738869954}
  m_RootOrder: 2
  m_LocalEulerAnglesHint: {x: 0, y: 0, z: 0}
--- !u!4 &4342269772835540
Transform:
  m_ObjectHideFlags: 1
  m_PrefabParentObject: {fileID: 0}
  m_PrefabInternal: {fileID: 100100000}
  m_GameObject: {fileID: 1149127601764582}
  m_LocalRotation: {x: -4.1633363e-17, y: -5.551115e-17, z: 2.0816682e-16, w: 1}
  m_LocalPosition: {x: 0.03882454, y: -0.012350311, z: 0.017092533}
  m_LocalScale: {x: 1, y: 1, z: 1}
  m_Children:
  - {fileID: 4489662143125074}
  m_Father: {fileID: 4921256375259870}
  m_RootOrder: 0
  m_LocalEulerAnglesHint: {x: 0, y: 0, z: 0}
--- !u!4 &4366390728075986
Transform:
  m_ObjectHideFlags: 1
  m_PrefabParentObject: {fileID: 0}
  m_PrefabInternal: {fileID: 100100000}
  m_GameObject: {fileID: 1500450843532452}
  m_LocalRotation: {x: -8.6736174e-17, y: 6.071532e-18, z: -3.2526065e-19, w: 1}
  m_LocalPosition: {x: -0.03227627, y: 0.09069061, z: 0.099490866}
  m_LocalScale: {x: 1, y: 1, z: 1}
  m_Children: []
  m_Father: {fileID: 4481315125411950}
  m_RootOrder: 0
  m_LocalEulerAnglesHint: {x: 0, y: 0, z: 0}
--- !u!4 &4383650038751720
Transform:
  m_ObjectHideFlags: 1
  m_PrefabParentObject: {fileID: 0}
  m_PrefabInternal: {fileID: 100100000}
  m_GameObject: {fileID: 1068947808149192}
  m_LocalRotation: {x: 0, y: 0, z: 0, w: 1}
  m_LocalPosition: {x: 0, y: 1.7, z: 0}
  m_LocalScale: {x: 1, y: 1, z: 1}
  m_Children: []
  m_Father: {fileID: 4289964667578194}
  m_RootOrder: 2
  m_LocalEulerAnglesHint: {x: 0, y: 0, z: 0}
--- !u!4 &4427766640924744
Transform:
  m_ObjectHideFlags: 1
  m_PrefabParentObject: {fileID: 0}
  m_PrefabInternal: {fileID: 100100000}
  m_GameObject: {fileID: 1516538744543734}
  m_LocalRotation: {x: -7.979728e-17, y: 1.3877788e-16, z: -2.7755576e-17, w: 1}
  m_LocalPosition: {x: -0.034571074, y: -0.015751952, z: 0.02230484}
  m_LocalScale: {x: 1, y: 1, z: 1}
  m_Children:
  - {fileID: 4906170208198212}
  m_Father: {fileID: 4995099796721420}
  m_RootOrder: 0
  m_LocalEulerAnglesHint: {x: 0, y: 0, z: 0}
--- !u!4 &4434511929532814
Transform:
  m_ObjectHideFlags: 1
  m_PrefabParentObject: {fileID: 0}
  m_PrefabInternal: {fileID: 100100000}
  m_GameObject: {fileID: 1583159715373056}
  m_LocalRotation: {x: 0, y: 0, z: 0, w: 1}
  m_LocalPosition: {x: 0, y: 0, z: 0}
  m_LocalScale: {x: 1, y: 1, z: 1}
  m_Children:
  - {fileID: 4782715165002258}
  m_Father: {fileID: 4289964667578194}
  m_RootOrder: 0
  m_LocalEulerAnglesHint: {x: 0, y: 0, z: 0}
--- !u!4 &4439894970107858
Transform:
  m_ObjectHideFlags: 1
  m_PrefabParentObject: {fileID: 0}
  m_PrefabInternal: {fileID: 100100000}
  m_GameObject: {fileID: 1624017527280830}
  m_LocalRotation: {x: 5.551115e-17, y: -2.7755576e-17, z: 7.632783e-17, w: 1}
  m_LocalPosition: {x: -0.017615814, y: -0.024061127, z: 0.0099997325}
  m_LocalScale: {x: 1, y: 1, z: 1}
  m_Children: []
  m_Father: {fileID: 4564310799103342}
  m_RootOrder: 0
  m_LocalEulerAnglesHint: {x: 0, y: 0, z: 0}
--- !u!4 &4450542300817644
Transform:
  m_ObjectHideFlags: 1
  m_PrefabParentObject: {fileID: 0}
  m_PrefabInternal: {fileID: 100100000}
  m_GameObject: {fileID: 1567138502541810}
  m_LocalRotation: {x: -0.0018722827, y: 0.017561616, z: 0.030727506, w: 0.99937177}
  m_LocalPosition: {x: 0.10363024, y: -0.02541748, z: 0.0011496615}
  m_LocalScale: {x: 1, y: 1, z: 1}
  m_Children:
  - {fileID: 4855093362936538}
  m_Father: {fileID: 4782715165002258}
  m_RootOrder: 2
  m_LocalEulerAnglesHint: {x: 0, y: 0, z: 0}
--- !u!4 &4469657612528808
Transform:
  m_ObjectHideFlags: 1
  m_PrefabParentObject: {fileID: 0}
  m_PrefabInternal: {fileID: 100100000}
  m_GameObject: {fileID: 1858099753881170}
  m_LocalRotation: {x: 4.8572257e-16, y: 1.7347235e-18, z: 8.7440905e-17, w: 1}
  m_LocalPosition: {x: 0.031535495, y: -0.43314737, z: -0.005895144}
  m_LocalScale: {x: 1, y: 1, z: 1}
  m_Children:
  - {fileID: 4328940207217544}
  m_Father: {fileID: 4025164115985994}
  m_RootOrder: 0
  m_LocalEulerAnglesHint: {x: 0, y: 0, z: 0}
--- !u!4 &4471567556456380
Transform:
  m_ObjectHideFlags: 1
  m_PrefabParentObject: {fileID: 0}
  m_PrefabInternal: {fileID: 100100000}
  m_GameObject: {fileID: 1880996127315574}
  m_LocalRotation: {x: 1.3877788e-16, y: 1.1796321e-32, z: 8.500145e-17, w: 1}
  m_LocalPosition: {x: -0.010618514, y: -0.018705597, z: 0.0071225115}
  m_LocalScale: {x: 1, y: 1, z: 1}
  m_Children: []
  m_Father: {fileID: 4897969105558542}
  m_RootOrder: 0
  m_LocalEulerAnglesHint: {x: 0, y: 0, z: 0}
--- !u!4 &4481315125411950
Transform:
  m_ObjectHideFlags: 1
  m_PrefabParentObject: {fileID: 0}
  m_PrefabInternal: {fileID: 100100000}
  m_GameObject: {fileID: 1630879235360830}
  m_LocalRotation: {x: -4.1315475e-38, y: -2.499078e-20, z: -1.6532287e-18, w: 1}
  m_LocalPosition: {x: 1.8493833e-19, y: 0.09449112, z: -0.0047183083}
  m_LocalScale: {x: 1, y: 1, z: 1}
  m_Children:
  - {fileID: 4366390728075986}
  - {fileID: 4802598159117136}
  - {fileID: 4849512802898026}
  - {fileID: 4609851119207238}
  m_Father: {fileID: 4581508366725748}
  m_RootOrder: 0
  m_LocalEulerAnglesHint: {x: 0, y: 0, z: 0}
--- !u!4 &4489662143125074
Transform:
  m_ObjectHideFlags: 1
  m_PrefabParentObject: {fileID: 0}
  m_PrefabInternal: {fileID: 100100000}
  m_GameObject: {fileID: 1369700241901326}
  m_LocalRotation: {x: -2.7755576e-17, y: -8.326673e-17, z: -1.9775848e-16, w: 1}
  m_LocalPosition: {x: 0.016863251, y: -0.029161377, z: 0.011017714}
  m_LocalScale: {x: 1, y: 1, z: 1}
  m_Children: []
  m_Father: {fileID: 4342269772835540}
  m_RootOrder: 0
  m_LocalEulerAnglesHint: {x: 0, y: 0, z: 0}
--- !u!4 &4525874932734536
Transform:
  m_ObjectHideFlags: 1
  m_PrefabParentObject: {fileID: 0}
  m_PrefabInternal: {fileID: 100100000}
  m_GameObject: {fileID: 1088642536158532}
  m_LocalRotation: {x: 0.005235964, y: 0.0000000026930738, z: -1.7253544e-10, w: 0.9999863}
  m_LocalPosition: {x: 3.926392e-21, y: 0.14865494, z: 0.007124638}
  m_LocalScale: {x: 1, y: 1, z: 1}
  m_Children:
  - {fileID: 4042356061314248}
  m_Father: {fileID: 4782715165002258}
  m_RootOrder: 0
  m_LocalEulerAnglesHint: {x: 0, y: 0, z: 0}
--- !u!4 &4532545609229736
Transform:
  m_ObjectHideFlags: 1
  m_PrefabParentObject: {fileID: 0}
  m_PrefabInternal: {fileID: 100100000}
  m_GameObject: {fileID: 1380236234661364}
  m_LocalRotation: {x: -8.402567e-19, y: 4.5322654e-36, z: -5.393906e-18, w: 1}
  m_LocalPosition: {x: 0.0043714903, y: -0.0017529296, z: 0.031403378}
  m_LocalScale: {x: 1, y: 1, z: 1}
  m_Children:
  - {fileID: 4047674016215006}
  m_Father: {fileID: 4063455738869954}
  m_RootOrder: 4
  m_LocalEulerAnglesHint: {x: 0, y: 0, z: 0}
--- !u!4 &4564310799103342
Transform:
  m_ObjectHideFlags: 1
  m_PrefabParentObject: {fileID: 0}
  m_PrefabInternal: {fileID: 100100000}
  m_GameObject: {fileID: 1503968982300778}
  m_LocalRotation: {x: -8.326673e-17, y: 8.326673e-17, z: -1.9775848e-16, w: 1}
  m_LocalPosition: {x: -0.031796645, y: -0.01318283, z: 0.011079053}
  m_LocalScale: {x: 1, y: 1, z: 1}
  m_Children:
  - {fileID: 4439894970107858}
  m_Father: {fileID: 4671813325485756}
  m_RootOrder: 0
  m_LocalEulerAnglesHint: {x: 0, y: 0, z: 0}
--- !u!4 &4581508366725748
Transform:
  m_ObjectHideFlags: 1
  m_PrefabParentObject: {fileID: 0}
  m_PrefabInternal: {fileID: 100100000}
  m_GameObject: {fileID: 1047048864645866}
  m_LocalRotation: {x: 4.1633363e-17, y: -2.1684043e-18, z: -1.5551525e-18, w: 1}
  m_LocalPosition: {x: -0, y: 0.21468268, z: -0.035387278}
  m_LocalScale: {x: 1, y: 1, z: 1}
  m_Children:
  - {fileID: 4481315125411950}
  m_Father: {fileID: 4042356061314248}
  m_RootOrder: 1
  m_LocalEulerAnglesHint: {x: 0, y: 0, z: 0}
--- !u!4 &4587241202733658
Transform:
  m_ObjectHideFlags: 1
  m_PrefabParentObject: {fileID: 0}
  m_PrefabInternal: {fileID: 100100000}
  m_GameObject: {fileID: 1837616510550364}
  m_LocalRotation: {x: -1.110223e-16, y: 8.402567e-19, z: -3.8489177e-18, w: 1}
  m_LocalPosition: {x: -0.00000043290666, y: 0.004734955, z: 0.005163002}
  m_LocalScale: {x: 1, y: 1, z: 1}
  m_Children: []
  m_Father: {fileID: 4152648394151644}
  m_RootOrder: 0
  m_LocalEulerAnglesHint: {x: 0, y: 0, z: 0}
--- !u!4 &4609851119207238
Transform:
  m_ObjectHideFlags: 1
  m_PrefabParentObject: {fileID: 0}
  m_PrefabInternal: {fileID: 100100000}
  m_GameObject: {fileID: 1739651922770432}
  m_LocalRotation: {x: -5.204186e-17, y: -2.499078e-20, z: -1.6532287e-18, w: 1}
  m_LocalPosition: {x: 0.0001, y: 0.032596435, z: 0.07614871}
  m_LocalScale: {x: 1, y: 1, z: 1}
  m_Children: []
  m_Father: {fileID: 4481315125411950}
  m_RootOrder: 3
  m_LocalEulerAnglesHint: {x: 0, y: 0, z: 0}
--- !u!4 &4610979989117234
Transform:
  m_ObjectHideFlags: 1
  m_PrefabParentObject: {fileID: 0}
  m_PrefabInternal: {fileID: 100100000}
  m_GameObject: {fileID: 1647941231183180}
  m_LocalRotation: {x: 0.1650476, y: -0.000017984456, z: -0.00003490366, w: 0.9862856}
  m_LocalPosition: {x: 0.00009134802, y: 0.005834198, z: 0.0016830205}
  m_LocalScale: {x: 1, y: 1, z: 1}
  m_Children:
  - {fileID: 4222632082774492}
  m_Father: {fileID: 4050509649900184}
  m_RootOrder: 0
  m_LocalEulerAnglesHint: {x: 0, y: 0, z: 0}
--- !u!4 &4671813325485756
Transform:
  m_ObjectHideFlags: 1
  m_PrefabParentObject: {fileID: 0}
  m_PrefabInternal: {fileID: 100100000}
  m_GameObject: {fileID: 1360636257611528}
  m_LocalRotation: {x: -6.938894e-17, y: 2.7755576e-17, z: 6.938894e-17, w: 1}
  m_LocalPosition: {x: -0.086276546, y: 0.004972992, z: 0.01482397}
  m_LocalScale: {x: 1, y: 1, z: 1}
  m_Children:
  - {fileID: 4564310799103342}
  m_Father: {fileID: 4063455738869954}
  m_RootOrder: 3
  m_LocalEulerAnglesHint: {x: 0, y: 0, z: 0}
--- !u!4 &4680554980668574
Transform:
  m_ObjectHideFlags: 1
  m_PrefabParentObject: {fileID: 0}
  m_PrefabInternal: {fileID: 100100000}
  m_GameObject: {fileID: 1660092640353148}
  m_LocalRotation: {x: 2.209062e-18, y: 2.8622937e-17, z: -8.7119244e-17, w: 1}
  m_LocalPosition: {x: -0.037109695, y: 0.1878521, z: -0.0377311}
  m_LocalScale: {x: 1, y: 1, z: 1}
  m_Children:
  - {fileID: 4938531926673200}
  m_Father: {fileID: 4042356061314248}
  m_RootOrder: 0
  m_LocalEulerAnglesHint: {x: 0, y: 0, z: 0}
--- !u!4 &4690351047820914
Transform:
  m_ObjectHideFlags: 1
  m_PrefabParentObject: {fileID: 0}
  m_PrefabInternal: {fileID: 100100000}
  m_GameObject: {fileID: 1198219215154822}
  m_LocalRotation: {x: 0.022903796, y: 0.0021693052, z: 0.0124877095, w: 0.99965733}
  m_LocalPosition: {x: -0.028089475, y: -0.11786606, z: 0.10446562}
  m_LocalScale: {x: 1, y: 1, z: 1}
  m_Children: []
  m_Father: {fileID: 4328940207217544}
  m_RootOrder: 0
  m_LocalEulerAnglesHint: {x: 0, y: 0, z: 0}
--- !u!4 &4700105370551610
Transform:
  m_ObjectHideFlags: 1
  m_PrefabParentObject: {fileID: 0}
  m_PrefabInternal: {fileID: 100100000}
  m_GameObject: {fileID: 1901692321569344}
  m_LocalRotation: {x: 9.62965e-35, y: -1.3877788e-17, z: 6.938894e-18, w: 1}
  m_LocalPosition: {x: 0.010618514, y: -0.018705597, z: 0.0071225115}
  m_LocalScale: {x: 1, y: 1, z: 1}
  m_Children: []
  m_Father: {fileID: 4054626582268556}
  m_RootOrder: 0
  m_LocalEulerAnglesHint: {x: 0, y: 0, z: 0}
--- !u!4 &4782715165002258
Transform:
  m_ObjectHideFlags: 1
  m_PrefabParentObject: {fileID: 0}
  m_PrefabInternal: {fileID: 100100000}
  m_GameObject: {fileID: 1110182153348938}
  m_LocalRotation: {x: 4.5449755e-16, y: 6.5645053e-20, z: 1.4711904e-18, w: 1}
  m_LocalPosition: {x: -0, y: 0.9655514, z: 0.0070302733}
  m_LocalScale: {x: 1, y: 1, z: 1}
  m_Children:
  - {fileID: 4525874932734536}
  - {fileID: 4025164115985994}
  - {fileID: 4450542300817644}
  m_Father: {fileID: 4434511929532814}
  m_RootOrder: 0
  m_LocalEulerAnglesHint: {x: 0, y: 0, z: 0}
--- !u!4 &4791323751217620
Transform:
  m_ObjectHideFlags: 1
  m_PrefabParentObject: {fileID: 0}
  m_PrefabInternal: {fileID: 100100000}
  m_GameObject: {fileID: 1149704593308658}
  m_LocalRotation: {x: 1.6948184e-32, y: -1.110223e-16, z: 1.5265567e-16, w: 1}
  m_LocalPosition: {x: 0.031796645, y: -0.01318283, z: 0.011079053}
  m_LocalScale: {x: 1, y: 1, z: 1}
  m_Children:
  - {fileID: 4292148004124802}
  m_Father: {fileID: 4265840887761540}
  m_RootOrder: 0
  m_LocalEulerAnglesHint: {x: 0, y: 0, z: 0}
--- !u!4 &4802598159117136
Transform:
  m_ObjectHideFlags: 1
  m_PrefabParentObject: {fileID: 0}
  m_PrefabInternal: {fileID: 100100000}
  m_GameObject: {fileID: 1808562599441990}
  m_LocalRotation: {x: 1.110223e-16, y: 1.0842022e-19, z: -1.8431437e-18, w: 1}
  m_LocalPosition: {x: 0.00010999999, y: 0.059936676, z: 0.03510503}
  m_LocalScale: {x: 1, y: 1, z: 1}
  m_Children:
  - {fileID: 4050509649900184}
  m_Father: {fileID: 4481315125411950}
  m_RootOrder: 1
  m_LocalEulerAnglesHint: {x: 0, y: 0, z: 0}
--- !u!4 &4812638886635492
Transform:
  m_ObjectHideFlags: 1
  m_PrefabParentObject: {fileID: 0}
  m_PrefabInternal: {fileID: 100100000}
  m_GameObject: {fileID: 1413892815070216}
  m_LocalRotation: {x: 6.938894e-18, y: -1.179612e-16, z: 2.7755576e-16, w: 1}
  m_LocalPosition: {x: 0.025962448, y: -0.013553314, z: 0.045182724}
  m_LocalScale: {x: 1, y: 1, z: 1}
  m_Children:
  - {fileID: 4026711270553202}
  m_Father: {fileID: 4025724775611180}
  m_RootOrder: 0
  m_LocalEulerAnglesHint: {x: 0, y: 0, z: 0}
--- !u!4 &4834385299494742
Transform:
  m_ObjectHideFlags: 1
  m_PrefabParentObject: {fileID: 0}
  m_PrefabInternal: {fileID: 100100000}
  m_GameObject: {fileID: 1156157553355940}
  m_LocalRotation: {x: 4.1633363e-17, y: -2.7755576e-17, z: -1.3183898e-16, w: 1}
  m_LocalPosition: {x: -0.03882454, y: -0.012350311, z: 0.017092533}
  m_LocalScale: {x: 1, y: 1, z: 1}
  m_Children:
  - {fileID: 4939025499089790}
  m_Father: {fileID: 4269051980160132}
  m_RootOrder: 0
  m_LocalEulerAnglesHint: {x: 0, y: 0, z: 0}
--- !u!4 &4849512802898026
Transform:
  m_ObjectHideFlags: 1
  m_PrefabParentObject: {fileID: 0}
  m_PrefabInternal: {fileID: 100100000}
  m_GameObject: {fileID: 1300975116516244}
  m_LocalRotation: {x: -1.4571677e-16, y: -5.6378513e-18, z: -1.3281477e-18, w: 1}
  m_LocalPosition: {x: 0.03227627, y: 0.09069061, z: 0.099490866}
  m_LocalScale: {x: 1, y: 1, z: 1}
  m_Children: []
  m_Father: {fileID: 4481315125411950}
  m_RootOrder: 2
  m_LocalEulerAnglesHint: {x: 0, y: 0, z: 0}
--- !u!4 &4855093362936538
Transform:
  m_ObjectHideFlags: 1
  m_PrefabParentObject: {fileID: 0}
  m_PrefabInternal: {fileID: 100100000}
  m_GameObject: {fileID: 1059806157261202}
  m_LocalRotation: {x: 4.8572257e-16, y: -1.7347235e-18, z: -8.7440905e-17, w: 1}
  m_LocalPosition: {x: -0.031535495, y: -0.43314737, z: -0.005895144}
  m_LocalScale: {x: 1, y: 1, z: 1}
  m_Children:
  - {fileID: 4060664191789504}
  m_Father: {fileID: 4450542300817644}
  m_RootOrder: 0
  m_LocalEulerAnglesHint: {x: 0, y: 0, z: 0}
--- !u!4 &4897969105558542
Transform:
  m_ObjectHideFlags: 1
  m_PrefabParentObject: {fileID: 0}
  m_PrefabInternal: {fileID: 100100000}
  m_GameObject: {fileID: 1317912806599140}
  m_LocalRotation: {x: -8.326673e-17, y: 1.0408341e-16, z: -1.179612e-16, w: 1}
  m_LocalPosition: {x: -0.026236113, y: -0.015773315, z: 0.0038803339}
  m_LocalScale: {x: 1, y: 1, z: 1}
  m_Children:
  - {fileID: 4471567556456380}
  m_Father: {fileID: 4338726975176900}
  m_RootOrder: 0
  m_LocalEulerAnglesHint: {x: 0, y: 0, z: 0}
--- !u!4 &4906170208198212
Transform:
  m_ObjectHideFlags: 1
  m_PrefabParentObject: {fileID: 0}
  m_PrefabInternal: {fileID: 100100000}
  m_GameObject: {fileID: 1553838672916976}
  m_LocalRotation: {x: 1.110223e-16, y: 6.661338e-16, z: 3.7470027e-16, w: 1}
  m_LocalPosition: {x: -0.015435943, y: -0.02123001, z: 0.009974489}
  m_LocalScale: {x: 1, y: 1, z: 1}
  m_Children: []
  m_Father: {fileID: 4427766640924744}
  m_RootOrder: 0
  m_LocalEulerAnglesHint: {x: 0, y: 0, z: 0}
--- !u!4 &4921256375259870
Transform:
  m_ObjectHideFlags: 1
  m_PrefabParentObject: {fileID: 0}
  m_PrefabInternal: {fileID: 100100000}
  m_GameObject: {fileID: 1434991120044604}
  m_LocalRotation: {x: -1.9428903e-16, y: 8.326673e-17, z: -1.3877788e-16, w: 1}
  m_LocalPosition: {x: 0.07956474, y: 0.012758331, z: 0.037833013}
  m_LocalScale: {x: 1, y: 1, z: 1}
  m_Children:
  - {fileID: 4342269772835540}
  m_Father: {fileID: 4178159623240744}
  m_RootOrder: 1
  m_LocalEulerAnglesHint: {x: 0, y: 0, z: 0}
--- !u!4 &4931202578918444
Transform:
  m_ObjectHideFlags: 1
  m_PrefabParentObject: {fileID: 0}
  m_PrefabInternal: {fileID: 100100000}
  m_GameObject: {fileID: 1040507079206060}
  m_LocalRotation: {x: -1.8041124e-16, y: -4.8572257e-17, z: -2.7755576e-17, w: 1}
  m_LocalPosition: {x: -0.024638977, y: -0.015424041, z: 0.016257152}
  m_LocalScale: {x: 1, y: 1, z: 1}
  m_Children: []
  m_Father: {fileID: 4047674016215006}
  m_RootOrder: 0
  m_LocalEulerAnglesHint: {x: 0, y: 0, z: 0}
--- !u!4 &4935433027337658
Transform:
  m_ObjectHideFlags: 1
  m_PrefabParentObject: {fileID: 0}
  m_PrefabInternal: {fileID: 100100000}
  m_GameObject: {fileID: 1800900347411142}
  m_LocalRotation: {x: -9.7144515e-17, y: -1.9428903e-16, z: 2.4286129e-17, w: 1}
  m_LocalPosition: {x: 0.034571074, y: -0.015751952, z: 0.02230484}
  m_LocalScale: {x: 1, y: 1, z: 1}
  m_Children:
  - {fileID: 4097548997421538}
  m_Father: {fileID: 4106110433536342}
  m_RootOrder: 0
  m_LocalEulerAnglesHint: {x: 0, y: 0, z: 0}
--- !u!4 &4938531926673200
Transform:
  m_ObjectHideFlags: 1
  m_PrefabParentObject: {fileID: 0}
  m_PrefabInternal: {fileID: 100100000}
  m_GameObject: {fileID: 1008116918479420}
  m_LocalRotation: {x: -3.035766e-18, y: 1.0408341e-16, z: -8.944668e-18, w: 1}
  m_LocalPosition: {x: -0.13578641, y: -0.022461394, z: 0.012045593}
  m_LocalScale: {x: 1, y: 1, z: 1}
  m_Children:
  - {fileID: 4235162970610936}
  m_Father: {fileID: 4680554980668574}
  m_RootOrder: 0
  m_LocalEulerAnglesHint: {x: 0, y: 0, z: 0}
--- !u!4 &4939025499089790
Transform:
  m_ObjectHideFlags: 1
  m_PrefabParentObject: {fileID: 0}
  m_PrefabInternal: {fileID: 100100000}
  m_GameObject: {fileID: 1922677983470088}
  m_LocalRotation: {x: 8.326673e-17, y: -8.326673e-17, z: 3.1225023e-16, w: 1}
  m_LocalPosition: {x: -0.016863251, y: -0.029161377, z: 0.011017714}
  m_LocalScale: {x: 1, y: 1, z: 1}
  m_Children: []
  m_Father: {fileID: 4834385299494742}
  m_RootOrder: 0
  m_LocalEulerAnglesHint: {x: 0, y: 0, z: 0}
--- !u!4 &4949307087267330
Transform:
  m_ObjectHideFlags: 1
  m_PrefabParentObject: {fileID: 0}
  m_PrefabInternal: {fileID: 100100000}
  m_GameObject: {fileID: 1098381791907426}
  m_LocalRotation: {x: -4.1524943e-17, y: -9.020562e-17, z: 1.2007539e-17, w: 1}
  m_LocalPosition: {x: 0.13578641, y: -0.022461394, z: 0.012045593}
  m_LocalScale: {x: 1, y: 1, z: 1}
  m_Children:
  - {fileID: 4125018155405360}
  m_Father: {fileID: 4242342426007306}
  m_RootOrder: 0
  m_LocalEulerAnglesHint: {x: 0, y: 0, z: 0}
--- !u!4 &4993628262908034
Transform:
  m_ObjectHideFlags: 1
  m_PrefabParentObject: {fileID: 0}
  m_PrefabInternal: {fileID: 100100000}
  m_GameObject: {fileID: 1555972480685654}
  m_LocalRotation: {x: -5.551115e-17, y: -2.0816682e-17, z: -2.7755576e-17, w: 1}
  m_LocalPosition: {x: 0.084938884, y: -0.006917114, z: -0.0059625194}
  m_LocalScale: {x: 1, y: 1, z: 1}
  m_Children:
  - {fileID: 4054626582268556}
  m_Father: {fileID: 4178159623240744}
  m_RootOrder: 2
  m_LocalEulerAnglesHint: {x: 0, y: 0, z: 0}
--- !u!4 &4995099796721420
Transform:
  m_ObjectHideFlags: 1
  m_PrefabParentObject: {fileID: 0}
  m_PrefabInternal: {fileID: 100100000}
  m_GameObject: {fileID: 1858113544301210}
  m_LocalRotation: {x: -5.3776428e-17, y: -2.7755576e-17, z: 8.1532003e-17, w: 1}
  m_LocalPosition: {x: -0.065537184, y: 0.014046325, z: 0.059923876}
  m_LocalScale: {x: 1, y: 1, z: 1}
  m_Children:
  - {fileID: 4427766640924744}
  m_Father: {fileID: 4063455738869954}
  m_RootOrder: 0
  m_LocalEulerAnglesHint: {x: 0, y: 0, z: 0}
--- !u!82 &82552128325950228
AudioSource:
  m_ObjectHideFlags: 1
  m_PrefabParentObject: {fileID: 0}
  m_PrefabInternal: {fileID: 100100000}
  m_GameObject: {fileID: 1068947808149192}
  m_Enabled: 1
  serializedVersion: 4
  OutputAudioMixerGroup: {fileID: 0}
  m_audioClip: {fileID: 0}
  m_PlayOnAwake: 0
  m_Volume: 1
  m_Pitch: 1
  Loop: 0
  Mute: 0
  Spatialize: 0
  SpatializePostEffects: 0
  Priority: 128
  DopplerLevel: 1
  MinDistance: 1
  MaxDistance: 500
  Pan2D: 0
  rolloffMode: 0
  BypassEffects: 0
  BypassListenerEffects: 0
  BypassReverbZones: 0
  rolloffCustomCurve:
    serializedVersion: 2
    m_Curve:
    - serializedVersion: 2
      time: 0
      value: 1
      inSlope: 0
      outSlope: 0
      tangentMode: 0
    - serializedVersion: 2
      time: 1
      value: 0
      inSlope: 0
      outSlope: 0
      tangentMode: 0
    m_PreInfinity: 2
    m_PostInfinity: 2
    m_RotationOrder: 4
  panLevelCustomCurve:
    serializedVersion: 2
    m_Curve:
    - serializedVersion: 2
      time: 0
      value: 1
      inSlope: 0
      outSlope: 0
      tangentMode: 0
    m_PreInfinity: 2
    m_PostInfinity: 2
    m_RotationOrder: 0
  spreadCustomCurve:
    serializedVersion: 2
    m_Curve:
    - serializedVersion: 2
      time: 0
      value: 0
      inSlope: 0
      outSlope: 0
      tangentMode: 0
    m_PreInfinity: 2
    m_PostInfinity: 2
    m_RotationOrder: 0
  reverbZoneMixCustomCurve:
    serializedVersion: 2
    m_Curve:
    - serializedVersion: 2
      time: 0
      value: 1
      inSlope: 0
      outSlope: 0
      tangentMode: 0
    m_PreInfinity: 2
    m_PostInfinity: 2
    m_RotationOrder: 0
--- !u!95 &95003428022886446
Animator:
  serializedVersion: 3
  m_ObjectHideFlags: 1
  m_PrefabParentObject: {fileID: 0}
  m_PrefabInternal: {fileID: 100100000}
  m_GameObject: {fileID: 1727909113258458}
  m_Enabled: 1
  m_Avatar: {fileID: 9000000, guid: 3786a1eabceea9b41a9e63873ef95ef5, type: 3}
  m_Controller: {fileID: 9100000, guid: c633357cb697d0048a8a060630199e70, type: 2}
  m_CullingMode: 1
  m_UpdateMode: 0
  m_ApplyRootMotion: 0
  m_LinearVelocityBlending: 0
  m_WarningMessage: 
  m_HasTransformHierarchy: 1
  m_AllowConstantClipSamplingOptimization: 1
--- !u!114 &114137043861956832
MonoBehaviour:
  m_ObjectHideFlags: 1
  m_PrefabParentObject: {fileID: 0}
  m_PrefabInternal: {fileID: 100100000}
  m_GameObject: {fileID: 1727909113258458}
  m_Enabled: 1
  m_EditorHideFlags: 0
  m_Script: {fileID: 11500000, guid: 0be432efe7032414b8f805f768988519, type: 3}
  m_Name: 
  m_EditorClassIdentifier: 
  helloSound: {fileID: 8300000, guid: 1cb47cdab33fa4a7fa6110817cef0f33, type: 3}
--- !u!114 &114493770167859780
MonoBehaviour:
  m_ObjectHideFlags: 1
  m_PrefabParentObject: {fileID: 0}
  m_PrefabInternal: {fileID: 100100000}
  m_GameObject: {fileID: 1727909113258458}
  m_Enabled: 1
  m_EditorHideFlags: 0
  m_Script: {fileID: 11500000, guid: 86d614f1692613743bfeb2b2b95d2a15, type: 3}
  m_Name: 
  m_EditorClassIdentifier: 
  addItem1: {fileID: 100000, guid: 2c90cdd653b267140936a76dc2c74942, type: 3}
  addItem2: {fileID: 100000, guid: 3ce5d6dad257d89418ffa1a6e6ea91c7, type: 3}
--- !u!114 &114843865872526648
MonoBehaviour:
  m_ObjectHideFlags: 1
  m_PrefabParentObject: {fileID: 0}
  m_PrefabInternal: {fileID: 100100000}
  m_GameObject: {fileID: 1727909113258458}
  m_Enabled: 0
  m_EditorHideFlags: 0
  m_Script: {fileID: 11500000, guid: 7e025529ad97e584395a267094b7b2a1, type: 3}
  m_Name: 
  m_EditorClassIdentifier: 
--- !u!114 &114990083102558104
MonoBehaviour:
  m_ObjectHideFlags: 1
  m_PrefabParentObject: {fileID: 0}
  m_PrefabInternal: {fileID: 100100000}
  m_GameObject: {fileID: 1727909113258458}
  m_Enabled: 1
  m_EditorHideFlags: 0
  m_Script: {fileID: 11500000, guid: da1646a1520fc40e1839c836c7623cc6, type: 3}
  m_Name: 
  m_EditorClassIdentifier: 
  name: NPC Name
  player: {fileID: 0}
  followPlayer: 0
--- !u!137 &137668814810873372
SkinnedMeshRenderer:
  m_ObjectHideFlags: 1
  m_PrefabParentObject: {fileID: 0}
  m_PrefabInternal: {fileID: 100100000}
  m_GameObject: {fileID: 1952120057139328}
  m_Enabled: 1
  m_CastShadows: 1
  m_ReceiveShadows: 1
  m_MotionVectors: 1
  m_LightProbeUsage: 1
  m_ReflectionProbeUsage: 1
  m_Materials:
  - {fileID: 2100000, guid: fe5bc8471d5353f41a9905d2029ebcd8, type: 2}
  - {fileID: 2100000, guid: fe5bc8471d5353f41a9905d2029ebcd8, type: 2}
  - {fileID: 2100000, guid: fe5bc8471d5353f41a9905d2029ebcd8, type: 2}
  - {fileID: 2100000, guid: fe5bc8471d5353f41a9905d2029ebcd8, type: 2}
  - {fileID: 2100000, guid: fe5bc8471d5353f41a9905d2029ebcd8, type: 2}
  - {fileID: 2100000, guid: fe5bc8471d5353f41a9905d2029ebcd8, type: 2}
  - {fileID: 2100000, guid: 81b0d0e0d54e01d4d9434b843a5190e3, type: 2}
  - {fileID: 2100000, guid: 3eb91b46bfaefe5419d4a502edbc819d, type: 2}
  - {fileID: 2100000, guid: 1db27083504bf894490cd716f5bd3e9f, type: 2}
  - {fileID: 2100000, guid: fe5bc8471d5353f41a9905d2029ebcd8, type: 2}
  - {fileID: 2100000, guid: fe5bc8471d5353f41a9905d2029ebcd8, type: 2}
  - {fileID: 2100000, guid: fe5bc8471d5353f41a9905d2029ebcd8, type: 2}
  - {fileID: 2100000, guid: fe5bc8471d5353f41a9905d2029ebcd8, type: 2}
  - {fileID: 2100000, guid: 83878191f74a64b42a79812508b22bd2, type: 2}
  - {fileID: 2100000, guid: 3eb91b46bfaefe5419d4a502edbc819d, type: 2}
  - {fileID: 2100000, guid: 3ad476cf0be191940854ca5d2d779009, type: 2}
  - {fileID: 2100000, guid: 3eb91b46bfaefe5419d4a502edbc819d, type: 2}
  - {fileID: 2100000, guid: 3eb91b46bfaefe5419d4a502edbc819d, type: 2}
  - {fileID: 2100000, guid: fe5bc8471d5353f41a9905d2029ebcd8, type: 2}
  - {fileID: 2100000, guid: fe5bc8471d5353f41a9905d2029ebcd8, type: 2}
  - {fileID: 2100000, guid: fe5bc8471d5353f41a9905d2029ebcd8, type: 2}
  - {fileID: 2100000, guid: fe5bc8471d5353f41a9905d2029ebcd8, type: 2}
  - {fileID: 2100000, guid: fe5bc8471d5353f41a9905d2029ebcd8, type: 2}
  - {fileID: 2100000, guid: fe5bc8471d5353f41a9905d2029ebcd8, type: 2}
  - {fileID: 2100000, guid: fe5bc8471d5353f41a9905d2029ebcd8, type: 2}
  - {fileID: 2100000, guid: fe5bc8471d5353f41a9905d2029ebcd8, type: 2}
  - {fileID: 2100000, guid: fe5bc8471d5353f41a9905d2029ebcd8, type: 2}
  - {fileID: 2100000, guid: fe5bc8471d5353f41a9905d2029ebcd8, type: 2}
  m_StaticBatchInfo:
    firstSubMesh: 0
    subMeshCount: 0
  m_StaticBatchRoot: {fileID: 0}
  m_ProbeAnchor: {fileID: 0}
  m_LightProbeVolumeOverride: {fileID: 0}
  m_ScaleInLightmap: 1
  m_PreserveUVs: 0
  m_IgnoreNormalsForChartDetection: 0
  m_ImportantGI: 0
  m_SelectedEditorRenderState: 3
  m_MinimumChartSize: 4
  m_AutoUVMaxDistance: 0.5
  m_AutoUVMaxAngle: 89
  m_LightmapParameters: {fileID: 0}
  m_SortingLayerID: 0
  m_SortingLayer: 0
  m_SortingOrder: 0
  serializedVersion: 2
  m_Quality: 0
  m_UpdateWhenOffscreen: 0
  m_SkinnedMotionVectors: 1
  m_Mesh: {fileID: 4300000, guid: 3786a1eabceea9b41a9e63873ef95ef5, type: 3}
  m_Bones:
  - {fileID: 4434511929532814}
  - {fileID: 4782715165002258}
  - {fileID: 4525874932734536}
  - {fileID: 4042356061314248}
  - {fileID: 4581508366725748}
  - {fileID: 4481315125411950}
  - {fileID: 4849512802898026}
  - {fileID: 4366390728075986}
  - {fileID: 4609851119207238}
  - {fileID: 4802598159117136}
  - {fileID: 4050509649900184}
  - {fileID: 4610979989117234}
  - {fileID: 4222632082774492}
  - {fileID: 4318555254382826}
  - {fileID: 4016867924038428}
  - {fileID: 4152648394151644}
  - {fileID: 4587241202733658}
  - {fileID: 4242342426007306}
  - {fileID: 4949307087267330}
  - {fileID: 4125018155405360}
  - {fileID: 4178159623240744}
  - {fileID: 4025724775611180}
  - {fileID: 4812638886635492}
  - {fileID: 4026711270553202}
  - {fileID: 4106110433536342}
  - {fileID: 4935433027337658}
  - {fileID: 4097548997421538}
  - {fileID: 4921256375259870}
  - {fileID: 4342269772835540}
  - {fileID: 4489662143125074}
  - {fileID: 4265840887761540}
  - {fileID: 4791323751217620}
  - {fileID: 4292148004124802}
  - {fileID: 4993628262908034}
  - {fileID: 4054626582268556}
  - {fileID: 4700105370551610}
  - {fileID: 4680554980668574}
  - {fileID: 4938531926673200}
  - {fileID: 4235162970610936}
  - {fileID: 4063455738869954}
  - {fileID: 4532545609229736}
  - {fileID: 4047674016215006}
  - {fileID: 4931202578918444}
  - {fileID: 4995099796721420}
  - {fileID: 4427766640924744}
  - {fileID: 4906170208198212}
  - {fileID: 4269051980160132}
  - {fileID: 4834385299494742}
  - {fileID: 4939025499089790}
  - {fileID: 4671813325485756}
  - {fileID: 4564310799103342}
  - {fileID: 4439894970107858}
  - {fileID: 4338726975176900}
  - {fileID: 4897969105558542}
  - {fileID: 4471567556456380}
  - {fileID: 4450542300817644}
  - {fileID: 4855093362936538}
  - {fileID: 4060664191789504}
  - {fileID: 4102408076487842}
  - {fileID: 4025164115985994}
  - {fileID: 4469657612528808}
  - {fileID: 4328940207217544}
  - {fileID: 4690351047820914}
  m_BlendShapeWeights:
  - 100
  - 0
  - 0
  - 0
  - 0
  - 0
  - 0
  - 0
  - 0
  - 0
  - 0
  - 0
  - 0
  - 0
  - 0
  - 0
  - 0
  - 0
  - 0
  - 0
  - 0
  - 0
  - 0
  - 0
  - 0
  - 0
  - 0
  - 0
  - 0
  - 0
  - 0
  - 0
  - 0
  - 0
  - 0
  - 0
  - 0
  - 0
  - 0
  - 0
  - 0
  - 0
  - 0
  - 0
  - 0
  - 0
  - 0
  - 0
  - 0
  - 0
  - 0
  - 0
  - 0
  - 0
  - 0
  - 0
  - 0
  - 0
  - 0
  - 0
  - 0
  - 0
  - 0
  - 0
  - 0
  - 0
  - 0
  - 0
  - 0
  - 0
  - 0
  - 0
  - 0
  - 0
  - 0
  - 0
  - 0
  - 0
  - 0
  - 0
  - 0
  - 0
  - 0
  - 0
  - 0
  - 0
  - 0
  - 0
  - 0
  - 0
  - 0
  - 0
  - 0
  - 0
  - 0
  - 0
  - 0
  - 0
  - 0
  - 0
  - 0
  - 0
  - 0
  - 0
  - 0
  m_RootBone: {fileID: 4434511929532814}
  m_AABB:
    m_Center: {x: 0.000040084124, y: 0.85234976, z: 0.031252332}
    m_Extent: {x: 0.8457018, y: 0.9436538, z: 0.25428256}
  m_DirtyAABB: 0
--- !u!143 &143549090628564312
CharacterController:
  m_ObjectHideFlags: 1
  m_PrefabParentObject: {fileID: 0}
  m_PrefabInternal: {fileID: 100100000}
  m_GameObject: {fileID: 1727909113258458}
  m_Material: {fileID: 0}
  m_IsTrigger: 0
  m_Enabled: 1
  serializedVersion: 2
  m_Height: 1.85
  m_Radius: 0.35
  m_SlopeLimit: 45
  m_StepOffset: 0.3
  m_SkinWidth: 0.005
  m_MinMoveDistance: 0.001
  m_Center: {x: 0, y: 0.89, z: 0}
--- !u!195 &195683006412056122
NavMeshAgent:
  m_ObjectHideFlags: 1
  m_PrefabParentObject: {fileID: 0}
  m_PrefabInternal: {fileID: 100100000}
  m_GameObject: {fileID: 1727909113258458}
  m_Enabled: 1
  m_AgentTypeID: 0
  m_Radius: 0.5
  m_Speed: 2.5
  m_Acceleration: 8
  avoidancePriority: 50
  m_AngularSpeed: 120
  m_StoppingDistance: 3
  m_AutoTraverseOffMeshLink: 1
  m_AutoBraking: 1
  m_AutoRepath: 1
  m_Height: 2
  m_BaseOffset: 0
  m_WalkableMask: 4294967295
  m_ObstacleAvoidanceType: 4
